
\nocite{*}

@inproceedings{KalmanFilter,
  title={C++ KalmanFilter Implementation},
  author={Long Dao},
  organization={Mbed}
  }
@article{hi,
author = "http://money.cnn.com/2018/01/30/news/economy/health-care-costs-eating-the-economy/index.html" 
}
@article{liu2007survey,
  title={Survey of wireless indoor positioning techniques and systems},
  author={Liu, Hui and Darabi, Houshang and Banerjee, Pat and Liu, Jing},
  journal={IEEE Transactions on Systems, Man, and Cybernetics, Part C (Applications and Reviews)},
  volume={37},
  number={6},
  pages={1067--1080},
  year={2007},
  publisher={IEEE}
}
@inproceedings{kjaergaard2010indoor,
  title={Indoor positioning using GPS revisited},
  author={Kj{\ae}rgaard, Mikkel Baun and Blunck, Henrik and Godsk, Torben and Toftkj{\ae}r, Thomas and Christensen, Dan Lund and Gr{\o}nb{\ae}k, Kaj},
  booktitle={International conference on pervasive computing},
  pages={38--56},
  year={2010},
  organization={Springer}
}
@article{pahlavan2002indoor,
  title={Indoor geolocation science and technology},
  author={Pahlavan, Kaveh and Li, Xinrong and Makela, Juha-Pekka},
  journal={IEEE Communications Magazine},
  volume={40},
  number={2},
  pages={112--118},
  year={2002},
  publisher={IEEE}
}
  